<?xml version="1.0" encoding="UTF-8"?><collection xmlns="http://www.loc.gov/MARC21/slim"><record><leader>00395nam--2200133-i-4500</leader><controlfield tag="001">000008990</controlfield><controlfield tag="002">20161230</controlfield><controlfield tag="005">20161230201028</controlfield><controlfield tag="008">060222s1000------------r-----000-0-eng-d</controlfield><datafield ind1=" " ind2=" " tag="080"><subfield code="a">519.21:621.38</subfield></datafield><datafield ind1=" " ind2=" " tag="100"><subfield code="a">Chapouille,P.Et Pazzis,R.De</subfield></datafield><datafield ind1=" " ind2=" " tag="245"><subfield code="a">Fiabilite des systemes.preface de j.j.baron</subfield></datafield><datafield ind1=" " ind2=" " tag="260"><subfield code="a">Paris,Masson Et C-ie,1968. Viii + 286p</subfield></datafield><datafield ind1=" " ind2=" " tag="490"><subfield code="a">Les Techniques De Base De L Informatique</subfield></datafield></record></collection>